@book{Vizmuller1995,
address = {Boston, London},
author = {Vizmuller, Peter},
isbn = {0-89006-754-6},
mendeley-groups = {RF{\_}TUNER RAMI{\_}2018},
pages = {281},
publisher = {Artech House, Inc.},
title = {{RF Design Guide}},
year = {1995}
}
@misc{fair_rite_07182018,
	mendeley-groups = {RF{\_}TUNER RAMI{\_}2018},
	title = {{Multi-Aperture cores (2867000102) - Fair Rite}},
	url = {https://www.fair-rite.com/product/multi-aperture-cores-2867000102/},
	urldate = {2018-07-18}
}
@book{Ludwig2009,
author = {Ludwig, Rheinhold and {Gene Bogdanov}},
isbn = {978-0131471375},
mendeley-groups = {EMC{\_}Center},
pages = {704},
publisher = {PearsonPrentice Hall},
title = {{RF Circuit Design : theory and applications}},
year = {2009}
}


